<collection xmlns="http://www.loc.gov/MARC21/slim"><record><leader>00727nam  2200217   450</leader><controlfield tag="001">458</controlfield><controlfield tag="003">http://montalegre.opacnet.com/OPAC/default.aspx?ContentAreaControl=ShowRegHoldings.ascx&amp;RegNo=16662</controlfield><datafield tag="021" ind1=" " ind2=" "><subfield code="a">PT</subfield><subfield code="b">21354/88</subfield></datafield><datafield tag="100" ind1=" " ind2=" "><subfield code="a">20061013d1988    m  y0pory010305  ba</subfield></datafield><datafield tag="101" ind1="1" ind2=" "><subfield code="a">por</subfield><subfield code="c">ger</subfield></datafield><datafield tag="102" ind1=" " ind2=" "><subfield code="a">PT</subfield></datafield><datafield tag="200" ind1="1" ind2=" "><subfield code="a">&lt;O &gt;vaso de oiro</subfield><subfield code="e">&lt;uma &gt;lenda dos tempos modernos</subfield><subfield code="f">Hoffmann</subfield><subfield code="g">trad. Maria Osswald</subfield></datafield><datafield tag="210" ind1=" " ind2=" "><subfield code="a">Lisboa</subfield><subfield code="c">Vega</subfield><subfield code="d">D.L. 1988</subfield></datafield><datafield tag="215" ind1=" " ind2=" "><subfield code="a">108 p. , [1] p.</subfield><subfield code="d">20 cm</subfield></datafield><datafield tag="225" ind1="2" ind2=" "><subfield code="a">Outras obras</subfield></datafield><datafield tag="606" ind1=" " ind2=" "><subfield code="a">Literatura alemã</subfield></datafield><datafield tag="675" ind1=" " ind2=" "><subfield code="a">821</subfield></datafield><datafield tag="700" ind1=" " ind2="1"><subfield code="a">Hoffmann</subfield><subfield code="b">Ernest</subfield><subfield code="f">1776-1822</subfield></datafield><datafield tag="702" ind1=" " ind2="1"><subfield code="a">Osswald</subfield><subfield code="b">Maria Henriques</subfield><subfield code="f">1893-1988</subfield><subfield code="4">730</subfield></datafield><datafield tag="801" ind1=" " ind2="0"><subfield code="a">PT</subfield><subfield code="b">Biblioteca Municipal de Montalegre</subfield><subfield code="g">RPC</subfield></datafield><datafield tag="856" ind1=" " ind2=" "><subfield code="u">locateMedia.asp?cod=20060517115957&amp;ext=jpg</subfield><subfield code="z">CAPA</subfield></datafield><datafield tag="909" ind1="&#9;" ind2=" "><subfield code="a">1</subfield></datafield><datafield tag="966" ind1=" " ind2=" "><subfield code="a">0008771</subfield><subfield code="l">BMM</subfield><subfield code="s">SCG 821 HOF vas</subfield></datafield></record></collection>